<record><leader>00000cas a22000007a 4500</leader><controlfield tag="001">10210919</controlfield><controlfield tag="008">831212d18931893msuwr ne      0    0eng  </controlfield><controlfield tag="009">466</controlfield><datafield ind1=" " ind2=" " tag="010"><subfield code="a">sn 83016932 </subfield></datafield><datafield ind1=" " ind2=" " tag="040"><subfield code="a">DLC</subfield><subfield code="b">eng</subfield><subfield code="c">DLC</subfield><subfield code="d">PPM</subfield><subfield code="d">MSJ</subfield><subfield code="d">CRL</subfield><subfield code="d">NVK</subfield><subfield code="d">DLC</subfield><subfield code="d">OCLCQ</subfield><subfield code="d">DLC</subfield><subfield code="d">OCLCF</subfield></datafield><datafield ind1="1" ind2=" " tag="029"><subfield code="a">AU@</subfield><subfield code="b">000020416976</subfield></datafield><datafield ind1=" " ind2=" " tag="042"><subfield code="a">msc</subfield></datafield><datafield ind1=" " ind2=" " tag="043"><subfield code="a">n-us-ms</subfield></datafield><datafield ind1="0" ind2="0" tag="050"><subfield code="a">Newspaper</subfield></datafield><datafield ind1="0" ind2=" " tag="130"><subfield code="a">Clarion-ledger (Jackson, Miss. : 1893)</subfield></datafield><datafield ind1="1" ind2="4" tag="245"><subfield code="a">The clarion-ledger.</subfield></datafield><datafield ind1="3" ind2=" " tag="246"><subfield code="a">Clarion ledger</subfield></datafield><datafield ind1=" " ind2=" " tag="260"><subfield code="a">Jackson, Miss. :</subfield><subfield code="b">[Clarion-Ledger Co.],</subfield><subfield code="c">1893.</subfield></datafield><datafield ind1=" " ind2=" " tag="300"><subfield code="a">1 v.</subfield></datafield><datafield ind1=" " ind2=" " tag="310"><subfield code="a">Weekly</subfield></datafield><datafield ind1="0" ind2=" " tag="362"><subfield code="a">Vol. 57, no. 1 (Jan. 5, 1893)-v. 57, no. 21 (June 1, 1893).</subfield></datafield><datafield ind1=" " ind2=" " tag="530"><subfield code="a">Available on microfilm from Bell &amp; Howell Information and Learning.</subfield></datafield><datafield ind1=" " ind2=" " tag="580"><subfield code="a">Formed by the union of: Clarion, and: State ledger.</subfield></datafield><datafield ind1=" " ind2=" " tag="580"><subfield code="a">Daily ed.: Daily clarion-ledger.</subfield></datafield><datafield ind1=" " ind2="0" tag="651"><subfield code="a">Hinds County (Miss.)</subfield><subfield code="v">Newspapers.</subfield></datafield><datafield ind1=" " ind2="0" tag="651"><subfield code="a">Jackson (Miss.)</subfield><subfield code="v">Newspapers.</subfield></datafield><datafield ind1=" " ind2="7" tag="655"><subfield code="a">Newspapers.</subfield><subfield code="2">fast</subfield><subfield code="0">(OCoLC)fst01423814</subfield></datafield><datafield ind1=" " ind2="7" tag="651"><subfield code="a">Mississippi</subfield><subfield code="z">Hinds County.</subfield><subfield code="2">fast</subfield><subfield code="0">(OCoLC)fst01208481</subfield></datafield><datafield ind1=" " ind2="7" tag="651"><subfield code="a">Mississippi</subfield><subfield code="z">Jackson.</subfield><subfield code="2">fast</subfield><subfield code="0">(OCoLC)fst01205500</subfield></datafield><datafield ind1=" " ind2=" " tag="752"><subfield code="a">United States</subfield><subfield code="b">Mississippi</subfield><subfield code="c">Hinds</subfield><subfield code="d">Jackson.</subfield></datafield><datafield ind1="1" ind2=" " tag="775"><subfield code="t">Daily clarion-ledger</subfield><subfield code="w">(DLC)sn 83045233</subfield><subfield code="w">(OCoLC)8143974</subfield></datafield><datafield ind1="1" ind2="4" tag="780"><subfield code="t">Clarion (Jackson, Miss. : 1891)</subfield><subfield code="w">(DLC)sn 83016931</subfield><subfield code="w">(OoLC)10210851</subfield></datafield><datafield ind1="1" ind2="4" tag="780"><subfield code="t">State ledger (Jackson, Miss. : 1891)</subfield><subfield code="w">(DLC)sn 87065281</subfield><subfield code="w">(OCoLC)15546120</subfield></datafield><datafield ind1="0" ind2="0" tag="785"><subfield code="t">Weekly clarion-ledger</subfield><subfield code="w">(DLC)sn 83016933</subfield><subfield code="w">(OCoLC)10210979</subfield></datafield></record>